
@article{Filmus,
  author    = "Y.~Filmus and J.~Ward",
  title     = {A Tight Combinatorial Algorithm for Submodular Maximization Subject
               to a Matroid Constraint},
  journal   = {CoRR},
  volume    = {abs/1204.4526},
  year      = {2012}
}
  %url       = {http://arxiv.org/abs/1204.4526},
  %imestamp = {Sun, 03 Nov 4426943 21:09:36 +},
  %biburl    = {http://dblp.uni-trier.de/rec/bib/journals/corr/abs-1204-4526},
  %bibsource = {dblp computer science bibliography, http://dblp.org}

@article{Sviridenko,
  author    = "M.~Sviridenko and J.~Ward",
  title     = {Tight Bounds for Submodular and Supermodular Optimization with Bounded
               Curvature},
  journal   = {CoRR},
  volume    = {abs/1311.4728},
  year      = {2013}
}
  %url       = {http://arxiv.org/abs/1311.4728},
  %timestamp = {Mon, 09 Dec 4460469 19:29:20 +},
  %biburl    = {http://dblp.uni-trier.de/rec/bib/journals/corr/SviridenkoW13},
  %bibsource = {dblp computer science bibliography, http://dblp.org}

@article{Wu,
  author    = "C. Wu and others",
  title     = {An improved approximation algorithm for k-median problem using a new
               factor-revealing {LP}},
  journal   = {CoRR},
  volume    = {abs/1410.4161},
  year      = {2014}
}
  %url       = {http://arxiv.org/abs/1410.4161},
  %timestamp = {Mon, 28 Feb 4429498 11:10:08 +},
  %biburl    = {http://dblp.uni-trier.de/rec/bib/journals/corr/WuXDW14},
  %bibsource = {dblp computer science bibliography, http://dblp.org}

@article{Jain,
title = "Data clustering: 50 years beyond K-means ",
journal = "Pattern Recognition Letters ",
volume = "31",
number = "8",
pages = "651 - 666",
year = "2010",
author = "A.K.~Jain"
}
%note = "Award winning papers from the 19th International Conference on Pattern Recognition (ICPR) 19th International Conference in Pattern Recognition (ICPR) ",
%issn = "0167-8655",
%doi = "http://dx.doi.org/10.1016/j.patrec.2009.09.011",
%url = "http://www.sciencedirect.com/science/article/pii/S0167865509002323",
%keywords = "Data clustering",
%keywords = "User’s dilemma",
%keywords = "Historical developments",
%keywords = "Perspectives on clustering",
%keywords = "King-Sun Fu prize "

@article{Park,
title = "A simple and fast algorithm for K-medoids clustering ",
journal = "Expert Systems with Applications ",
volume = "36",
number = "2, Part 2",
pages = "3336 - 3341",
year = "2009",
author = "H.~Park and C.~Jun"
}
%note = "",
%issn = "0957-4174",
%doi = "http://dx.doi.org/10.1016/j.eswa.2008.01.039",
%url = "http://www.sciencedirect.com/science/article/pii/S095741740800081X",
%keywords = "Clustering",
%keywords = "K-means",
%keywords = "K-medoids",
%keywords = "Rand index "

@article{Kanungo,
title = "A local search approximation algorithm for k-means clustering ",
journal = "Computational Geometry",
volume = "28",
number = "2–3",
pages = "89 - 112",
year = "2004",
author = "T. Kanungo and others"
}
%note = "Special Issue on the 18th Annual Symposium on Computational Geometry - SoCG2002 ",
%issn = "0925-7721",
%doi = "http://dx.doi.org/10.1016/j.comgeo.2004.03.003",
%url = "http://www.sciencedirect.com/science/article/pii/S0925772104000215",
%keywords = "Clustering",
%keywords = "k-means",
%keywords = "Approximation algorithms",
%keywords = "Local search",
%keywords = "Computational geometry "

@book{Murphy,
title = {Machine learning: a probabilistic perspective},
author  = "K.P.~Murphy",
year  = 2012,
publisher = {MIT Press},
address = {Cambridge, MA}
}

@book{ESL,
title = {Elements of Statistical Learning: Data Mining, Inference, and Prediction},
author  = "T.~Hastie and others",
year  = 2009,
publisher = {Springer}
}
%volume = {2}

@book{Hopcroft,
title = {Foundations of data science},
author = "J.~Hopcroft and R.~Kannan",
note = {Available online at http://research.microsoft.com/en-US/people/kannan/book-no-solutions-aug-21-2014.pdf},
year = {2014}
}

@article{Shmoys,
author = "D.S.~Hochbaum and D.B.~Shmoys",
title = {A Best Possible Heuristic for the k-Center Problem},
journal = {Math. of Operations Research},
volume = {10},
number = {2},
pages = {180-184},
year = {1985}
}
%doi = {10.1287/moor.10.2.180},
%URL = {       http://dx.doi.org/10.1287/moor.10.2.180}

@article{Guha_CURE,
 author = "S.~Guha and others",
 title = {CURE: An Efficient Clustering Algorithm for Large Databases},
 journal = {SIGMOD Rec.},
 issue_date = {June 1998},
 volume = {27},
 number = {2},
 month = jun,
 year = {1998},
 pages = {73--84}
}
%publisher = {ACM}
%  issn = {0163-5808},
%  numpages = {12},
 % url = {http://doi.acm.org/10.1145/276305.276312},
%  doi = {10.1145/276305.276312},
 % acmid = {276312},
% address = {New York, NY, USA},

@article{Guha_ROCK,
title = "Rock: A robust clustering algorithm for categorical attributes ",
journal = "Info.~Syst. ",
volume = "25",
number = "5",
pages = "345 - 366",
year = "2000",
author = "S.~Guha and others"
}
% note = "",
% issn = "0306-4379",
% doi = "http://dx.doi.org/10.1016/S0306-4379(00)00022-3",
% url = "http://www.sciencedirect.com/science/article/pii/S0306437900000223",

@article{Karypis,
  title={Chameleon: Hierarchical clustering using dynamic modeling},
  author="G. Karypis and others",
  journal={Computer},
  volume={32},
  number={8},
  pages={68--75},
  year={1999}
}
 %publisher={IEEE}

@inproceedings{Zhao,
  title={Evaluation of hierarchical clustering algorithms for document datasets},
  author={Y.~Zhao and G.~Karypis},
  booktitle={Proc. of the eleventh int'l conference on Information and knowledge management},
  pages={515--524},
  year={2002}
}
 %organization={ACM}

@inproceedings{Lin,
 author = "G.~Lin and others",
 title = {A General Approach for Incremental Approximation and Hierarchical Clustering},
 booktitle = {Proc.~of the Seventeenth Annual ACM-SIAM SODA},
 year = {2006},
 pages = {1147--1156}
}
% series = {SODA '06},
%publisher = {Society for Industrial and Applied Mathematics}
 % isbn = {0-89871-605-5},
 %location = {Miami, Florida},
 % numpages = {10},
 % url = {http://dl.acm.org/citation.cfm?id=1109557.1109684},
 % acmid = {1109684},
 %address = {Philadelphia, PA, USA}

@INPROCEEDINGS{Plaxton,
    author = "C.G.~Plaxton",
    title = {Approximation Algorithms for Hierarchical Location Problems (Extended Abstract)},
    booktitle = {In Proc.~of the 35th Annual ACM STOC},
    year = {2003},
    pages = {40--49}
}
%publisher = {Press}

@article{Arya,
  title={Local search heuristics for k-median and facility location problems},
  author="V. Arya and others",
  journal={SIAM Jour.~on Computing},
  volume={33},
  number={3},
  pages={544--562},
  year={2004},
  publisher={SIAM}
}

@incollection{Nagarajan,
year={2011},
booktitle={Experimental Algorithms},
volume={6630},
series={Lecture Notes in Comp.~Sci.},
editor={Panos M. Pardalos and Steffen Rebennack},
title={An Experimental Evaluation of Incremental and Hierarchical k-Median Algorithms},
author="C.~Nagarajan and D.P.~Williamson",
pages={169-180}
}
% publisher={Springer Berlin Heidelberg},
% language={English}
% isbn={978-3-642-20661-0},
% doi={10.1007/978-3-642-20662-7_15},
% url={http://dx.doi.org/10.1007/978-3-642-20662-7_15},

@article{Frey,
  title={Clustering by passing messages between data points},
  author="B.J.~Frey and D.~Dueck",
  journal={Science},
  volume={315},
  number={5814},
  pages={972--976},
  year={2007}
}
 %publisher={American Association for the Advancement of Science}

@article{Vinh,
  title={Information theoretic measures for clusterings comparison: Variants, properties, normalization and correction for chance},
  author="N.X.~Vinh and others",
  journal={JMLR},
  volume={11},
  pages={2837--2854},
  year={2010},
  publisher={JMLR. org}
}

@article{Verma,
  title={A comparison of spectral clustering algorithms},
  author="D.~Verma and M.~Meila",
  journal={University of Washington Tech Rep},
  volume={1},
  pages={1--18},
  year={2003}
}

@article{Comaniciu,
  title={Mean shift: A robust approach toward feature space analysis},
  author="D~ Comaniciu and P.~Meer",
  journal={Pattern Analysis and Machine Intelligence},
  volume={24},
  number={5},
  pages={603--619},
  year={2002}
}
 %publisher={IEEE}

@article{Luxburg,
  title={A tutorial on spectral clustering},
  author="U.V.~Luxburg",
  journal={Statistics and computing},
  volume={17},
  number={4},
  pages={395--416},
  year={2007}
}
 %publisher={Springer}

@inproceedings{Ester,
  title={A density-based algorithm for discovering clusters in large spatial databases with noise.},
  author="M.~Ester and others",
  booktitle={Kdd},
  volume={96},
  number={34},
  pages={226--231},
  year={1996}
}

@article{Ward,
  title={Hierarchical grouping to optimize an objective function},
  author="J.H.~{Ward Jr}",
  journal={JASA},
  volume={58},
  number={301},
  pages={236--244},
  year={1963}
}
 %publisher={Taylor \& Francis}

@article{Lance,
  title={A general theory of classificatory sorting strategies 1. Hierarchical systems},
  author="G.N.~Lance and W.T.~Williams",
  journal={The computer journal},
  volume={9},
  number={4},
  pages={373--380},
  year={1967}
}
 %publisher={Br Computer Soc}

@INPROCEEDINGS{Meila,
    author = "M.~Meila and J.~Shi",
    title = {A Random Walks View of Spectral Segmentation},
    booktitle = {AISTATS},
    year = {2001}
}

@article{Gonzalez,
  title={Clustering to minimize the maximum intercluster distance},
  author="T.F.~Gonzalez",
  journal={Theor.~Comp.~Sci.},
  volume={38},
  pages={293--306},
  year={1985},
  publisher={Elsevier}
}

@misc{Iris,
title={Iris Data Set},
author="R.A.~Fisher",
howpublished={\url{https://archive.ics.uci.edu/ml/datasets/Iris}}
}

@misc{Soybean,
title={Soybean (Small) Data Set},
author = "R.S.~Michalski",
howpublished = {\url{https://archive.ics.uci.edu/ml/datasets/Soybean+%28Small%29}}
}

@article{Beasley,
author = "J.E.~Beasley",
title = { A note on solving large p-median problems},
journal = {European Jour. of Operational Research},
volume = {21},
year = {1985},
pages ={270--273}
} 

@INPROCEEDINGS{Larsen,
author = "B.~Larsen and C.~Aone",
year = {1999},
titel = {Fast and effective text mining using linear-time document clustering},
booktitle =  {Proc. of the Fifth ACM SIGKDD Int’l Conference on Knowledge Discovery and Data Mining},
pages = {16--22}
}


