
@article{Filmus,
  author    = "Y.~Filmus and J.~Ward",
  title     = {A Tight Combinatorial Algorithm for Submodular Maximization Subject
               to a Matroid Constraint},
  journal   = {CoRR},
  volume    = {abs/1204.4526},
  year      = {2012}
}


@article{Sviridenko,
  author    = "M.~Sviridenko and J.~Ward",
  title     = {Tight Bounds for Submodular and Supermodular Optimization with Bounded
               Curvature},
  journal   = {CoRR},
  volume    = {abs/1311.4728},
  year      = {2013}
}

@article{Wu,
  author    = "C.~Wu and D.~Xu and D.~Du and Y.~Wang",
  title     = {An improved approximation algorithm for k-median problem using a new
               factor-revealing {LP}},
  journal   = {CoRR},
  volume    = {abs/1410.4161},
  year      = {2014}
}

@article{Jain,
title = "Data clustering: 50 years beyond K-means ",
journal = "Pattern Recognition Letters ",
volume = "31",
number = "8",
pages = "651 - 666",
year = "2010",
author = "A.K.~Jain"
}


@article{Park,
title = "A simple and fast algorithm for K-medoids clustering ",
journal = "Expert Systems with Applications ",
volume = "36",
number = "2, Part 2",
pages = "3336 - 3341",
year = "2009",
author = "H.~Park and C.~Jun"
}


@article{Kanungo,
title = "A local search approximation algorithm for k-means clustering ",
journal = "Computational Geometry",
volume = "28",
number = "2â€“3",
pages = "89 - 112",
year = "2004",
author = "T.~Kanungo and others"
}


@book{Murphy,
title = {Machine learning: a probabilistic perspective},
author  = "K.P.~Murphy",
year  = 2012,
publisher = {MIT Press},
address = {Cambridge, MA}
}

@book{ESL,
title = {Elements of Statistical Learning: Data Mining, Inference, and Prediction},
author  = "T.~Hastie and R.~Tibshirani and F.~Friedman",
year  = 2009,
publisher = {Springer},
volume = {2}
}

@book{Hopcroft,
title = {Foundations of data science},
author = "J.~Hopcroft and R.~Kannan",
note = {Available online at http://research.microsoft.com/en-US/people/kannan/book-no-solutions-aug-21-2014.pdf},
year = {2014}
}

@article{Shmoys,
author = "D.S.~Hochbaum and D.B.~Shmoys",
title = {A Best Possible Heuristic for the k-Center Problem},
journal = {Mathematics of Operations Research},
volume = {10},
number = {2},
pages = {180-184},
year = {1985}
}


@article{Guha_CURE,
 author = "S.~Guha and R.~Rastogi and K.~Shim",
 title = {CURE: An Efficient Clustering Algorithm for Large Databases},
 journal = {SIGMOD Record},
 volume = {27},
 number = {2},
 year = {1998},
 pages = {73--84}
}

@article{Guha_ROCK,
author = "S.~Guha and R.~Rastogi and K.~Shim",
title = "Rock: A robust clustering algorithm for categorical attributes ",
journal = "Information Systems ",
volume = "25",
number = "5",
pages = "345 - 366",
year = "2000"
}

@article{Karypis,
  title={Chameleon: Hierarchical clustering using dynamic modeling},
  author="G. Karypis and E.~Hong and V.~Kumar",
  journal={Computer},
  volume={32},
  number={8},
  pages={68--75},
  year={1999}
}


@article{Zhao,
  author={Y.~Zhao and G.~Karypis and U.~Fayyad},
 title = {Hierarchical Clustering Algorithms for Document Datasets},
 journal = {Data Mining Knowledge Discovery},
 volume = {10},
 number = {2},
 year = {2005},
 pages = {141--168},
 publisher = {Kluwer Academic Publishers}
}



@article{Lin,
  author = "G.~Lin and others",
 title = {A General Approach for Incremental Approximation and Hierarchical Clustering},
 journal = {SIAM Journal on Computing},
 volume = {39},
 number = {8},
 year = {2010},
 pages = {3633--3669},
 publisher = {SIAM}
} 

@INPROCEEDINGS{Plaxton,
    author = "C.G.~Plaxton",
    title = {Approximation Algorithms for Hierarchical Location Problems (Extended Abstract)},
    booktitle = {In Proceedings of the 35th Annual ACM Symposium on the Theory of Computing},
    year = {2003},
    pages = {40--49},
   publisher = {ACM}
}

@article{Arya,
  title={Local search heuristics for k-median and facility location problems},
  author="V. Arya and others",
  journal={SIAM Journal on Computing},
  volume={33},
  number={3},
  pages={544--562},
  year={2004},
  publisher={SIAM}
}

@article{Nagarajan,
author="C.~Nagarajan and D.P.~Williamson",
 title = {An Experimental Evaluation of Incremental and Hierarchical k-Median Algorithms},
 journal = {Journal of Experimental Algorithmics},
 volume = {18},
 articleno = {3.2},
 year = {2013},
 pages = {3.2:3.1--3.2:3.21},
 publisher = {ACM}
} 


@article{Frey,
  title={Clustering by passing messages between data points},
  author="B.J.~Frey and D.~Dueck",
  journal={Science},
  volume={315},
  number={5814},
  pages={972--976},
  year={2007}
}

@article{Vinh,
  title={Information theoretic measures for clusterings comparison: Variants, properties, normalization and correction for chance},
  author="N.X.~Vinh and J.~Epps and J.~Bailey",
  journal={Journal of Machine Learning Research},
  volume={11},
  pages={2837--2854},
  year={2010}
}

@techreport{Verma,
  title={A comparison of spectral clustering algorithms},
  author="D.~Verma and M.~Meila",
  institution={University of Washington},
  number={1},
  pages={1--18},
  year={2003}
}

@article{Comaniciu,
  title={Mean shift: A robust approach toward feature space analysis},
  author="D~ Comaniciu and P.~Meer",
  journal={Pattern Analysis and Machine Intelligence},
  volume={24},
  number={5},
  pages={603--619},
  year={2002}
}

@article{Luxburg,
  title={A tutorial on spectral clustering},
  author="U.V.~Luxburg",
  journal={Statistics and computing},
  volume={17},
  number={4},
  pages={395--416},
  year={2007}
}

@article{Sander,
 author = "J.~Sander and others",
 title = {Density-Based Clustering in Spatial Databases: The Algorithm GDBSCAN and Its Applications},
 journal = {Data Mining and Knowledge Discovery},
 volume = {2},
 number = {2},
 year = {1998},
 pages = {169--194},
 publisher = {Kluwer Academic Publishers}
} 


@article{Ward,
  title={Hierarchical grouping to optimize an objective function},
  author="J.H.~{Ward Jr}",
  journal={Journal of the American Statistical Association},
  volume={58},
  number={301},
  pages={236--244},
  year={1963}
}

@article{Lance,
  title={A general theory of classificatory sorting strategies 1. Hierarchical systems},
  author="G.N.~Lance and W.T.~Williams",
  journal={The Computer Journal},
  volume={9},
  number={4},
  pages={373--380},
  year={1967}
}

@INPROCEEDINGS{Meila,
    author = "M.~Meila and J.~Shi",
    title = {A Random Walks View of Spectral Segmentation},
    booktitle = {8th International Workshop on Artificial Intelligence and Statistics},
    year = {2001}
}

@article{Gonzalez,
  title={Clustering to minimize the maximum intercluster distance},
  author="T.F.~Gonzalez",
  journal={Theoretical Computer Science},
  volume={38},
  pages={293--306},
  year={1985}
}

@misc{Iris,
title={Iris Data Set},
author="R.A.~Fisher",
howpublished={\url{https://archive.ics.uci.edu/ml/datasets/Iris}}
}

@misc{Soybean,
title={Soybean (Small) Data Set},
author = "R.S.~Michalski",
howpublished = {\url{https://archive.ics.uci.edu/ml/datasets/Soybean+%28Small%29}}
}

@article{Beasley,
author = "J.E.~Beasley",
title = { A note on solving large p-median problems},
journal = {European Journal of Operational Research},
volume = {21},
year = {1985},
pages ={270--273}
} 

@INPROCEEDINGS{Larsen,
author = "B.~Larsen and C.~Aone",
year = {1999},
title = {Fast and effective text mining using linear-time document clustering},
booktitle =  {Proceedings of the 5th Annual Conference on Knowledge Discovery and Data Mining},
pages = {16--22}
}

@incollection{Charikar,
year={2012},
booktitle={Automata, Languages, and Programming},
volume={7391},
series={Lecture Notes in Computer Science},
editor={A.~Czumaj and others},
title={A Dependent LP-Rounding Approach for the k-Median Problem},
publisher={Springer Berlin Heidelberg},
author={Charikar, Moses and Li, Shi},
pages={194-205}
}


